
%
%  $Description: Sample bibliography$ 
% 
%  $Author: ienne $ 
%  $Date: 1995/09/15 15:19:53 $
%  $Revision: 1.3 $
%

@article{buse2010learning,
  title={Learning a metric for code readability},
  author={Buse, Raymond PL and Weimer, Westley R},
  journal={Software Engineering, IEEE Transactions on},
  volume={36},
  number={4},
  pages={546--558},
  year={2010},
  publisher={IEEE}
}


@inproceedings{posnett2011simpler,
  title={A simpler model of software readability},
  author={Posnett, Daryl and Hindle, Abram and Devanbu, Premkumar},
  booktitle={Proceedings of the 8th Working Conference on Mining Software Repositories},
  pages={73--82},
  year={2011},
  organization={ACM}
}

@article{hansen2013makes,
  title={What Makes Code Hard to Understand?},
  author={Hansen, Michael and Goldstone, Robert L and Lumsdaine, Andrew},
  journal={arXiv preprint arXiv:1304.5257},
  year={2013}
}