
%
%  $Description: Sample bibliography$ 
% 
%  $Author: ienne $ 
%  $Date: 1995/09/15 15:19:53 $
%  $Revision: 1.3 $


@incollection{staron2006adopting,
  title={Adopting model driven software development in industry--a case study at two companies},
  author={Staron, Miroslaw},
  booktitle={Model Driven Engineering Languages and Systems},
  pages={57--72},
  year={2006},
  publisher={Springer}
}