
%
%  $Description: Sample bibliography$ 
% 
%  $Author: ienne $ 
%  $Date: 1995/09/15 15:19:53 $
%  $Revision: 1.3 $
%

@article{hall2002implementing,
  title={Implementing software process improvement: an empirical study},
  author={Hall, Tracy and Rainer, Austen and Baddoo, Nathan},
  journal={Software Process: Improvement and Practice},
  volume={7},
  number={1},
  pages={3--15},
  year={2002},
  publisher={Wiley Online Library}
}

@incollection{staron2006adopting,
  title={Adopting model driven software development in industry--a case study at two companies},
  author={Staron, Miroslaw},
  booktitle={Model Driven Engineering Languages and Systems},
  pages={57--72},
  year={2006},
  publisher={Springer}
}

@article{staron2008transitioning,
  title={Transitioning from code-centric to model-driven industrial projects--empirical studies in industry and academia},
  author={Staron, Miroslaw},
  journal={Model Driven Software Development: Integrating Quality Assurance},
  pages={236--262},
  year={2008},
  publisher={New York, USA: Idea Publishing}
}

@misc{millermda,
  title={MDA Guide Version 1.0. 1. Object Management Group (2003)},
  author={Miller, Joaquin and Mukerji, Jishnu and others}
}

@article{dyba2005evidence,
  title={Evidence-based software engineering for practitioners},
  author={Dyba, Tore and Kitchenham, Barbara A and Jorgensen, Magne},
  journal={Software, IEEE},
  volume={22},
  number={1},
  pages={58--65},
  year={2005},
  publisher={IEEE}
}