
@article{cohen1968weighted,
  title={Weighted kappa: {N}ominal {S}cale {A}greement {P}rovision for {S}caled {D}isagreement or {P}artial {C}redit.},
  author={Cohen, Jacob},
  journal={Psychological bulletin},
  volume={70},
  number={4},
  pages={213},
  year={1968},
  publisher={American Psychological Association}
}

@article{lehman1980understanding,
  title={On {U}nderstanding {L}aws, {E}volution, and {C}onservation in the {L}arge-program {L}ife {C}ycle},
  author={Lehman, Meir M},
  journal={Journal of Systems and Software},
  volume={1},
  pages={213--221},
  year={1980},
  publisher={Elsevier}
}

@article{lehman1980programs,
  title={Programs, {L}ife cycles, and {L}aws of {S}oftware {E}volution},
  author={Lehman, Meir M},
  journal={Proceedings of the IEEE},
  volume={68},
  number={9},
  pages={1060--1076},
  year={1980},
  publisher={IEEE}
}


@inproceedings{lehman90sview,
  title={Metrics and {L}aws of {S}oftware {E}volution - {T}he {N}ineties {V}iew},
  author={Lehman, Meir M and Ramil, Juan F and Wernick, Paul D and Perry, Dewayne E and Turski, Wladyslaw M},
  booktitle={Software Metrics Symposium, 1997. Proceedings., Fourth International},
  pages={20--32},
  year={1997},
  organization={IEEE}
}

@misc{git,
  key = {Git},
  title = {Git},
  howpublished = {http://git-scm.com/},
  note = {Accessed: 2015-05-08}
}




@article{seaman1999qualitative,
  title={Qualitative {M}ethods in {E}mpirical {S}tudies of {S}oftware {E}ngineering},
  author={Seaman, Carolyn B.},
  journal={IEEE Transactions on Software Engineering},
  volume={25},
  number={4},
  pages={557--572},
  year={1999},
  publisher={IEEE}
}

@article{andersson2007spiral,
  title={A {S}piral {P}rocess {M}odel for {C}ase {S}tudies on {S}oftware {Q}uality {M}onitoring - {M}ethod and {M}etrics},
  author={Andersson, Carina and Runeson, Per},
  journal={Software Process: Improvement and Practice},
  volume={12},
  number={2},
  pages={125--140},
  year={2007},
  publisher={Wiley Online Library}
}

@book{robson2002real,
  title={Real {W}orld {R}esearch},
  author={Robson, Colin},
  volume={2},
  year={2002},
  publisher={Blackwell Publishers, Oxford}
}

@book{yin2013case,
  title={Case {S}tudy {R}esearch: {D}esign and {M}ethods},
  author={Yin, Robert K},
  year={2013},
  publisher={Sage Publications}
}

@article{messerschmitt2005software,
  title={Software {E}cosystem: {U}nderstanding an {I}ndispensable {T}echnology and {I}ndustry},
  author={Messerschmitt, David G and Szyperski, Clemens},
  journal={MIT Press Books},
  volume={1},
  year={2005},
  publisher={The MIT Press}
}



@inproceedings{google_talk,
  title={How to {Design} a {Good} {API} and {Why} it {Matters}},
  author={Bloch, Joshua},
  booktitle={Companion to the 21st ACM SIGPLAN Symposium on Object-oriented Programming Systems, Languages, and Applications},
  pages={506--507},
  year={2006},
  organization={ACM}
}


@inproceedings{mcdonnell2013empirical,
  title={An {E}mpirical {S}tudy of {API} {S}tability and {A}doption in the {A}ndroid {E}cosystem},
  author={McDonnell, Tyler and Ray, Baishakhi and Kim, Miryung},
  booktitle={2013 IEEE International Conference on Software Maintenance},
  pages={70--79},
  year={2013},
  organization={IEEE}
}

@inproceedings{robbes2012developers,
  title={How do {D}evelopers {R}eact to {API} {D}eprecation? {T}he {C}ase of a {S}malltalk {E}cosystem},
  author={Robbes, Romain and Lungu, Mircea and R{\"o}thlisberger, David},
  booktitle={Proceedings of the ACM SIGSOFT 20th International Symposium on the Foundations of Software Engineering},
  pages={56},
  year={2012},
  organization={ACM}
}

@article{henning2007api,
  title={{API} {D}esign {M}atters},
  author={Henning, Michi},
  journal={Queue},
  volume={5},
  number={4},
  pages={24--36},
  year={2007},
  publisher={ACM}
}

@inproceedings{henkel2005catchup,
  title={CatchUp!: {C}apturing and {R}eplaying {R}efactorings to {S}upport {API} {E}volution},
  author={Henkel, Johannes and Diwan, Amer},
  booktitle={Proceedings of the 27th international conference on Software engineering},
  pages={274--283},
  year={2005},
  organization={ACM}
}

@article{dig2006apis,
  title={How do {API}s {E}volve? A {S}tory of {R}efactoring},
  author={Dig, Danny and Johnson, Ralph},
  journal={Journal of {S}oftware {M}aintenance and {E}volution: {R}esearch and {P}ractice},
  volume={18},
  number={2},
  pages={83--107},
  year={2006},
  publisher={Wiley {O}nline {L}ibrary}
}

@inproceedings{dig2005role,
  title={The {R}ole of {R}efactorings in {API} {E}volution},
  author={Dig, Danny and Johnson, Ralph},
  booktitle={Proceedings of the 21st IEEE International Conference on Software Maintenance},
  pages={389--398},
  year={2005},
  organization={IEEE}
}

@inproceedings{xing2006refactoring,
  title={Refactoring {P}ractice: {H}ow it is and {H}ow it {S}hould be {S}upported - {A}n {E}clipse {C}ase {S}tudy},
  author={Xing, Zhenchang and Stroulia, Eleni},
  booktitle={2013 IEEE International Conference on Software Maintenance},
  pages={458--468},
  year={2006},
  organization={IEEE}
}



@book{lientz1980software,
  title={Software {M}aintenance {M}anagement: {A} {Study} of the {M}aintenance of {C}omputer {A}pplication {S}oftware in 487 {D}ata {P}rocessing {O}rganizations},
  author={Lientz, Bennet P and Swanson, E Burton},
  year={1980},
  publisher={Addison-Wesley}
}




@article{clarke2004measuring,
  title={Measuring {API} {U}sability},
  author={Clarke, Steven},
  journal={Doctor Dobbs Journal},
  volume={29},
  number={5},
  pages={S1--S5},
  year={2004},
  publisher={CMP MEDIA LLC}
}

@inproceedings{hou2011exploring,
  title={Exploring the {I}ntent {B}ehind {API} {E}volution: A {C}ase {S}tudy},
  author={Hou, Daqing and Yao, Xiaojia},
  booktitle={Proceedings of the 2011 18th Working Conference on Reverse Engineering},
  pages={131--140},
  year={2011},
  organization={IEEE}
}

@incollection{shi2011empirical,
  title={An {E}mpirical {S}tudy on {E}volution of {API} {D}ocumentation},
  author={Shi, Lin and Zhong, Hao and Xie, Tao and Li, Mingshu},
  booktitle={Fundamental Approaches to Software Engineering},
  pages={416--431},
  year={2011},
  publisher={Springer}
}

@article{afonso2012evaluating,
  title={Evaluating {A}pplication {P}rogramming {I}nterfaces as {C}ommunication {A}rtefacts},
  author={Afonso, Luiz Marques and Cerqueira, Renato F de G and de Souza, Clarisse Sieckenius},
  journal={System},
  volume={100},
  pages={8--31},
  year={2012}
}

@inproceedings{stylos2006comparing,
  title={Comparing {API} {D}esign {C}hoices with {U}sability {S}tudies: A {C}ase {S}tudy and {F}uture {D}irections},
  author={Stylos, Jeffrey and Clarke, Steven and Myers, Brad},
  booktitle={Proceedings of the 18th PPIG Workshop},
  year={2006}
}

@article{runeson2009guidelines,
  title={Guidelines for {C}onducting and {R}eporting {C}ase {S}tudy {R}esearch in {S}oftware {E}ngineering},
  author={Runeson, Per and H{\"o}st, Martin},
  journal={Empirical Software Engineering},
  volume={14},
  number={2},
  pages={131--164},
  year={2009},
  publisher={Springer}
}

@article{flyvbjerg2006five,
  title={Five {M}isunderstandings {A}bout {C}ase-study {R}esearch},
  author={Flyvbjerg, Bent},
  journal={Qualitative Inquiry},
  volume={12},
  number={2},
  pages={219--245},
  year={2006},
  publisher={Sage Publications}
}

@article{benbasat1987case,
  title={The {C}ase {R}esearch {S}trategy in {S}tudies of {I}nformation {S}ystems},
  author={Benbasat, Izak and Goldstein, David K and Mead, Melissa},
  journal={MIS {Q}uarterly},
  pages={369--386},
  year={1987},
  publisher={JSTOR}
}

@book{bloch2008effective,
  title={Effective {J}ava},
  author={Bloch, Joshua},
  year={2008},
  publisher={Pearson Education, India}
}

@article{chapin2001types,
  title={Types of {S}oftware {E}volution and {S}oftware {M}aintenance},
  author={Chapin, Ned and Hale, Joanne E and Khan, Khaled Md and Ramil, Juan F and Tan, Wui-Gee},
  journal={Journal of {S}oftware {M}aintenance and {E}volution: Research and Practice},
  volume={13},
  number={1},
  pages={3--30},
  year={2001},
  publisher={Wiley Online Library}
}



@inproceedings{linares2013api,
  title={API {C}hange and {F}ault {P}roneness: a {T}hreat to the {S}uccess of {A}ndroid {A}pps},
  author={Linares-V{\'a}squez, Mario and Bavota, Gabriele and Bernal-C{\'a}rdenas, Carlos and Di Penta, Massimiliano and Oliveto, Rocco and Poshyvanyk, Denys},
  booktitle={Proceedings of the 2013 9th Joint Meeting on Foundations of Software Engineering},
  pages={477--487},
  year={2013},
  organization={ACM}
}

@inproceedings{piccioni2013empirical,
  title={An {E}mpirical {S}tudy of {API} {U}sability},
  author={Piccioni, Marco and Furia, Carlo A and Meyer, Bertrand},
  booktitle={Empirical Software Engineering and Measurement, 2013 ACM/IEEE International Symposium on},
  pages={5--14},
  year={2013},
  organization={IEEE}
}

@ARTICLE{761853, 
journal={IEEE Std 1362-1998}, 
title={IEEE Guide for Information Technology - System Definition - Concept of Operations (ConOps) Document}, 
year={1998}, 
month={Dec}, 
pages={1-24}, 
keywords={system documentation;ConOps document;IEEE Std 1362-1998;concept of operations document;information technology;integrated systems;mission;operational requirements;organizational elements;organizational objectives;proposed system;qualitative system characteristics;quantitative system characteristics;scenarios;software buyers;software developers;software-intensive system;system definition;user organization;user requirements;user viewpoint;user-oriented document;Documentation;ConOps;buyer;characteristics;concept of operation;concepts of operations document;developer;operational requirements;scenario;software system;software-intensive system;system;user;user requirements;viewpoint}, 
doi={10.1109/IEEESTD.1998.89424},}

@ARTICLE{5733835, 
journal={ISO/IEC/IEEE 24765:2010(E)}, 
title={Systems and software engineering -- Vocabulary}, 
year={2010}, 
month={Dec}, 
pages={1-418}, 
keywords={IEEE standards;ISO standards;software engineering;IEEE Computer Society;IEEE Standard Glossary of Software Engineering Terminology;IEEE Std 610.12-1990;International Standard;Project Management Institute;information technology field;systems engineering;Dictionaries;IEC standards;IEEE standards;ISO standards;Software engineering;computer;dictionary;information technology;software engineering;systems engineering;terminology;vocabulary}, 
doi={10.1109/IEEESTD.2010.5733835},}