


@article{seaman1999qualitative,
  title={Qualitative methods in empirical studies of software engineering},
  author={Seaman, Carolyn B.},
  journal={Software Engineering, IEEE Transactions on},
  volume={25},
  number={4},
  pages={557--572},
  year={1999},
  publisher={IEEE}
}

@article{andersson2007spiral,
  title={A spiral process model for case studies on software quality monitoringâ€”method and metrics},
  author={Andersson, Carina and Runeson, Per},
  journal={Software Process: Improvement and Practice},
  volume={12},
  number={2},
  pages={125--140},
  year={2007},
  publisher={Wiley Online Library}
}

@book{robson2002real,
  title={Real world research},
  author={Robson, Colin},
  volume={2},
  year={2002},
  publisher={Blackwell publishers Oxford}
}

@book{yin2013case,
  title={Case study research: Design and methods},
  author={Yin, Robert K},
  year={2013},
  publisher={Sage publications}
}

@article{messerschmitt2005software,
  title={Software ecosystem: understanding an indispensable technology and industry},
  author={Messerschmitt, David G and Szyperski, Clemens},
  journal={MIT Press Books},
  volume={1},
  year={2005},
  publisher={The MIT Press}
}



@techreport{iso,
 type = {Standard},
 key = {ISO/IEC 14764:2006},
 author = {ISO/IEC},
 institution = {International Organization for Standardization and International Electrotechnical Commission},
 address = {Geneva, Switzerland},
 title = {Software Engineering---{S}oftware Lifecycle Processes---{M}aintenance---{D}efinition and Terms},
 year = {2006}
}


@inproceedings{google_talk,
  title={How to design a good API and why it matters},
  author={Bloch, Joshua},
  booktitle={Companion to the 21st ACM SIGPLAN symposium on Object-oriented programming systems, languages, and applications},
  pages={506--507},
  year={2006},
  organization={ACM}
}

@inproceedings{mcdonnell2013empirical,
  title={An empirical study of API stability and adoption in the Android ecosystem},
  author={McDonnell, Tyler and Ray, Baishakhi and Kim, Miryung},
  booktitle={Software Maintenance (ICSM), 2013 29th IEEE International Conference on},
  pages={70--79},
  year={2013},
  organization={IEEE}
}

@inproceedings{robbes2012developers,
  title={How do developers react to api deprecation?: the case of a smalltalk ecosystem},
  author={Robbes, Romain and Lungu, Mircea and R{\"o}thlisberger, David},
  booktitle={Proceedings of the ACM SIGSOFT 20th International Symposium on the Foundations of Software Engineering},
  pages={56},
  year={2012},
  organization={ACM}
}

@article{henning2007api,
  title={API design matters},
  author={Henning, Michi},
  journal={Queue},
  volume={5},
  number={4},
  pages={24--36},
  year={2007},
  publisher={ACM}
}

@inproceedings{dig2005role,
  title={The role of refactorings in API evolution},
  author={Dig, Danny and Johnson, Ralph},
  booktitle={Software Maintenance, 2005. ICSM'05. Proceedings of the 21st IEEE International Conference on},
  pages={389--398},
  year={2005},
  organization={IEEE}
}

@inproceedings{xing2006refactoring,
  title={Refactoring practice: How it is and how it should be supported-an eclipse case study},
  author={Xing, Zhenchang and Stroulia, Eleni},
  booktitle={Software Maintenance, 2006. ICSM'06. 22nd IEEE International Conference on},
  pages={458--468},
  year={2006},
  organization={IEEE}
}

@article{lientz1980software,
  title={Software maintenance management},
  author={Lientz, Bennet P and Swanson, E Burton},
  year={1980},
  publisher={Addison-Wesley}
}

@article{clarke2004measuring,
  title={Measuring API usability},
  author={Clarke, Steven},
  journal={Doctor Dobbs Journal},
  volume={29},
  number={5},
  pages={S1--S5},
  year={2004},
  publisher={CMP MEDIA LLC}
}

@inproceedings{hou2011exploring,
  title={Exploring the intent behind api evolution: A case study},
  author={Hou, Daqing and Yao, Xiaojia},
  booktitle={Reverse Engineering (WCRE), 2011 18th Working Conference on},
  pages={131--140},
  year={2011},
  organization={IEEE}
}

@incollection{shi2011empirical,
  title={An empirical study on evolution of API documentation},
  author={Shi, Lin and Zhong, Hao and Xie, Tao and Li, Mingshu},
  booktitle={Fundamental Approaches to Software Engineering},
  pages={416--431},
  year={2011},
  publisher={Springer}
}

@article{afonso2012evaluating,
  title={Evaluating application programming interfaces as communication artefacts},
  author={Afonso, Luiz Marques and Cerqueira, Renato F de G and de Souza, Clarisse Sieckenius},
  journal={System},
  volume={100},
  pages={8--31},
  year={2012}
}

@inproceedings{stylos2006comparing,
  title={Comparing API design choices with usability studies: A case study and future directions},
  author={Stylos, Jeffrey and Clarke, Steven and Myers, Brad},
  booktitle={Proceedings of the 18th PPIG Workshop},
  year={2006}
}

@article{runeson2009guidelines,
  title={Guidelines for conducting and reporting case study research in software engineering},
  author={Runeson, Per and H{\"o}st, Martin},
  journal={Empirical software engineering},
  volume={14},
  number={2},
  pages={131--164},
  year={2009},
  publisher={Springer}
}

@article{flyvbjerg2006five,
  title={Five misunderstandings about case-study research},
  author={Flyvbjerg, Bent},
  journal={Qualitative inquiry},
  volume={12},
  number={2},
  pages={219--245},
  year={2006},
  publisher={Sage publications}
}

@article{benbasat1987case,
  title={The case research strategy in studies of information systems},
  author={Benbasat, Izak and Goldstein, David K and Mead, Melissa},
  journal={MIS quarterly},
  pages={369--386},
  year={1987},
  publisher={JSTOR}
}

@book{bloch2008effective,
  title={Effective java},
  author={Bloch, Joshua},
  year={2008},
  publisher={Pearson Education India}
}