
%
%  $Description: Sample bibliography$ 
% 
%  $Author: ienne $ 
%  $Date: 1995/09/15 15:19:53 $
%  $Revision: 1.3 $


@incollection{fagan2002design,
  title={Design and code inspections to reduce errors in program development},
  author={Fagan, Michael},
  booktitle={Software pioneers},
  pages={575--607},
  year={2002},
  publisher={Springer}
}

@article{bisant1989two,
  title={A two-person inspection method to improve programming productivity},
  author={Bisant, David B. and Lyle, James R.},
  journal={IEEE Transactions on Software Engineering},
  volume={15},
  number={10},
  pages={1294--1304},
  year={1989},
  publisher={IEEE Computer Society}
}


@article{basili1996empirical,
  title={The empirical investigation of perspective-based reading},
  author={Basili, Victor R and Green, Scott and Laitenberger, Oliver and Lanubile, Filippo and Shull, Forrest and S{\o}rumg{\aa}rd, Sivert and Zelkowitz, Marvin V},
  journal={Empirical Software Engineering},
  volume={1},
  number={2},
  pages={133--164},
  year={1996},
  publisher={Springer}
}

@article{basili1999building,
  title={Building knowledge through families of experiments},
  author={Basili, Victor R and Shull, Forrest and Lanubile, Filippo},
  journal={Software Engineering, IEEE Transactions on},
  volume={25},
  number={4},
  pages={456--473},
  year={1999},
  publisher={IEEE}
}

@inproceedings{parnas1985active,
  title={Active design reviews: principles and practices},
  author={Parnas, David L and Weiss, David M},
  booktitle={Proceedings of the 8th international conference on Software engineering},
  pages={132--136},
  year={1985},
  organization={IEEE Computer Society Press}
}

@article{shull2000perspective,
  title={How perspective-based reading can improve requirements inspections},
  author={Shull, Forrest and Rus, Ioana and Basili, Victor},
  journal={Computer},
  volume={33},
  number={7},
  pages={73--79},
  year={2000},
  publisher={IEEE}
}
@article{weller1993lessons,
  title={Lessons from three years of inspection data (software development)},
  author={Weller, Edward F},
  journal={Software, IEEE},
  volume={10},
  number={5},
  pages={38--45},
  year={1993},
  publisher={IEEE}
}

@book{montgomery2008design,
  title={Design and analysis of experiments},
  author={Montgomery, Douglas C},
  year={2008},
  publisher={John Wiley \& Sons}
}